@misc{arccos, 
title={Arccos(x) function}, 
url={https://www.rapidtables.com/math/trigonometry/arccos.html}, 
journal={Arccos(x) | inverse cosine function}} 

@misc{boundless, 
title={Boundless Algebra}, url={https://courses.lumenlearning.com/boundless-algebra/chapter/the-real-number-e/}, 
journal={Lumen}, 
author={Boundless}}

@misc{dawkins, 
title={Section 6-2 : Logarithm Functions}, url={https://tutorial.math.lamar.edu/classes/alg/logfunctions.aspx}, 
journal={Paul's Online Notes}, 
author={Dawkins, Paul}} 

@misc{encyclopaedia, 
title={Hyperbolic functions}, url={https://www.britannica.com/science/hyperbolic-functions}, journal={Encycloaedia Britannica}, 
publisher={Encyclopaedia Britannica, inc.}} 

@misc{ieee, 
title={828-2012 - IEEE Standard for Configuration Management in Systems and Software Engineering}, url={https://ieeexplore.ieee.org/document/6170935},
journal={IEEE Xplore}}

@misc{khan, 
title={Mean absolute deviation (MAD) review (article)}, url={https://www.khanacademy.org/math/statistics-probability/summarizing-quantitative-data/other-measures-of-spread/a/mean-absolute-deviation-mad-review}, 
journal={Khan Academy}, 
publisher={Khan Academy}} 

@misc{merriam, 
title={Integer}, url={https://www.merriam-webster.com/dictionary/integer},
journal={Merriam-Webster}, 
publisher={Merriam-Webster}} 

@misc{STDVariance,
title={Standard Deviation and Variance},
url={https://www.mathsisfun.com/data/standard-deviation.html},
journal={Standard Deviation and Variance}} 

@misc{students,
title={A beginner's guide to standard deviation and standard error},
url={https://s4be.cochrane.org/blog/2018/09/26/a-beginners-guide-to-standard-deviation-and-standard-error/},
journal={Students 4 Best Evidence}, 
year={2020},
month={Oct}} 

@misc{wikiE,
title={Exponentiation},
url={https://en.wikipedia.org/wiki/Exponentiation\#Power\_via\_logarithms},
journal={Wikipedia},
publisher={Wikimedia Foundation},
year={2021},
month={Aug}} 

@misc{wikiS,
title={Exponentiation},
url={https://en.wikipedia.org/wiki/Exponentiation\#Series\_definition},
journal={Wikipedia},
publisher={Wikimedia Foundation},
year={2021},
month={Aug}} 

@misc{wolfram,
title={Irrational Number},
url={https://mathworld.wolfram.com/IrrationalNumber.html},
journal={Wolfram MathWorld}} 