@misc{arccos(x) | inverse cosine function, title={Arccos(x) function}, url={https://www.rapidtables.com/math/trigonometry/arccos.html}, journal={Arccos(x) | inverse cosine function}} 

@misc{boundless, title={Boundless Algebra}, url={https://courses.lumenlearning.com/boundless-algebra/chapter/the-real-number-e/}, journal={Lumen}, author={Boundless}}

@misc{dawkins, title={Section 6-2 : Logarithm Functions}, url={https://tutorial.math.lamar.edu/classes/alg/logfunctions.aspx}, journal={Paul's Online Notes}, author={Dawkins, Paul}} 

@misc{encyclopaedia britannica, title={Hyperbolic functions}, url={https://www.britannica.com/science/hyperbolic-functions}, journal={Encycloaedia Britannica}, publisher={Encyclopaedia Britannica, inc.}} 

@misc{khan academy, title={Mean absolute deviation (MAD) review (article)}, url={https://www.khanacademy.org/math/statistics-probability/summarizing-quantitative-data/other-measures-of-spread/a/mean-absolute-deviation-mad-review}, journal={Khan Academy}, publisher={Khan Academy}} 

@misc{merriam-webster, title={Integer}, url={https://www.merriam-webster.com/dictionary/integer}, journal={Merriam-Webster}, publisher={Merriam-Webster}} 

@misc{students 4 best evidence_2020, title={A beginner's guide to standard deviation and standard error}, url={https://s4be.cochrane.org/blog/2018/09/26/a-beginners-guide-to-standard-deviation-and-standard-error/}, journal={Students 4 Best Evidence}, year={2020}, month={Oct}} 

@misc{wolfram mathworld, title={Irrational Number}, url={https://mathworld.wolfram.com/IrrationalNumber.html}, journal={Wolfram MathWorld}} 